{
  "leader":"00452nam a2200169 ca4500",
  "fields":[
    {"001":"029857716"},
    {"003":"DE-601"},
    {"005":"20180511131518.0"},
    {"008":"900626m19799999xxk\\\\\\\\\\\\\\\\\\\\\\000\\0\\eng\\d"},
    {"035":{"ind1":"\\",
            "ind2":"\\",
            "subfields":[{"a":"(DE-599)GBV029857716"}]}},
    {"040":{"ind1":"\\",
            "ind2":"\\",
            "subfields":[{"b":"ger"},
                         {"c":"GBVCP"}]}},
    {"041":{"ind1":"0",
            "ind2":"\\",
            "subfields":[{"a":"eng"}]}},
    {"044":{"ind1":"\\",
            "ind2":"\\",
            "subfields":[{"a":"xxk"},
                         {"a":"at"}]}},
    {"100":{"ind1":"1",
            "ind2":"\\",
            "subfields":[{"a":"Adams, Douglas"}]}},
    {"245":{"ind1":"1",
            "ind2":"4",
            "subfields":[{"a":"The Hitch Hiker's guide to the Galaxy"},
                         {"c":"Douglas Adams"}]}},
    {"246":{"ind1":"1",
            "ind2":"3",
            "subfields":[{"i":"Nebent."},
                         {"a":"The hitchhiker series"}]}},
    {"264":{"ind1":"3",
            "ind2":"1",
            "subfields":[{"a":"London [u.a.]"},
                         {"b":"Pan Books"},
                         {"c":"1979-"}]}}
  ]
}
